<?xml version="1.0" encoding="UTF-8"?><record xmlns="http://www.loc.gov/MARC21/slim" xmlns:cinclude="http://apache.org/cocoon/include/1.0" xmlns:zs="http://www.loc.gov/zing/srw/">
  <leader>00515cz  a2200145n  4500</leader>
  <controlfield tag="001">n  83230381 </controlfield>
  <controlfield tag="003">DLC</controlfield>
  <controlfield tag="005">20000517064827.0</controlfield>
  <controlfield tag="008">831214n| acannaabn          |a aaa     c</controlfield>
  <datafield tag="010" ind1=" " ind2=" ">
    <subfield code="a">n  83230381 </subfield>
  </datafield>
  <datafield tag="035" ind1=" " ind2=" ">
    <subfield code="a">(OCoLC)oca01034120</subfield>
  </datafield>
  <datafield tag="040" ind1=" " ind2=" ">
    <subfield code="a">TxU</subfield>
    <subfield code="b">eng</subfield>
    <subfield code="c">DLC</subfield>
    <subfield code="d">OCoLC</subfield>
  </datafield>
  <datafield tag="100" ind1="1" ind2=" ">
    <subfield code="a">Lima, Maria Ester B. Aguiar C.</subfield>
  </datafield>
  <datafield tag="400" ind1="1" ind2=" ">
    <subfield code="a">Aguiar C. Lima, Maria Ester B.</subfield>
  </datafield>
  <datafield tag="670" ind1=" " ind2=" ">
    <subfield code="a">Brazil. Depto. Nac. de Obras contra as Sêcas. Bibl. da Admin. Cent. Catálogo das publicações do DNOCS, 1976:</subfield>
    <subfield code="b">t.p. (Maria Ester B. Aguiar C. Lima)</subfield>
  </datafield>
</record>